<?xml version="1.0" encoding="UTF-8"?>
<record xmlns="http://www.loc.gov/MARC21/slim" xmlns:xsi="http://www.w3.org/2001/XMLSchema-instance" xsi:schemaLocation="http://www.loc.gov/MARC21/slim http://www.loc.gov/standards/marcxml/schema/MARC21slim.xsd">
<leader>     cam a22002891  4500</leader>
<controlfield tag="001">001682472</controlfield>
<controlfield tag="003">NNU</controlfield>
<controlfield tag="005">20001219001608.0</controlfield>
<controlfield tag="008">930803s1962    sy       b    00  0 ara d</controlfield>
<datafield tag="010" ind1=" " ind2=" ">
<subfield code="a">ne 68002250</subfield>
</datafield>
<datafield tag="035" ind1="9" ind2=" ">
<subfield code="a">NYUb12225887</subfield>
</datafield>
<datafield tag="035" ind1=" " ind2=" ">
<subfield code="a">(CStRLIN)CTYN93-B2220</subfield>
</datafield>
<datafield tag="040" ind1=" " ind2=" ">
<subfield code="a">PU</subfield>
<subfield code="c">PSt</subfield>
<subfield code="d">CtY</subfield>
</datafield>
<datafield tag="050" ind1="0" ind2=" ">
<subfield code="a">DS99.S8</subfield>
<subfield code="b">A9</subfield>
</datafield>
<datafield tag="100" ind1="1" ind2=" ">
<subfield code="a">ʻAysamī, Shiblī.</subfield>
</datafield>
<datafield tag="245" ind1="1" ind2="3">
<subfield code="a">al-Taʻrīf bi-Muḥāfaẓat Jabal al-ʻArab.</subfield>
</datafield>
<datafield tag="260" ind1=" " ind2=" ">
<subfield code="a">[Syria] :</subfield>
<subfield code="b">Wizarat al-Thaqafah,</subfield>
<subfield code="c">1962.</subfield>
</datafield>
<datafield tag="300" ind1=" " ind2=" ">
<subfield code="a">203 p.</subfield>
<subfield code="b">illus., map.</subfield>
<subfield code="c">24 cm.</subfield>
</datafield>
<datafield tag="500" ind1=" " ind2=" ">
<subfield code="a">In Arabic.</subfield>
</datafield>
<datafield tag="504" ind1=" " ind2=" ">
<subfield code="a">Includes bibliographies.</subfield>
</datafield>
<datafield tag="651" ind1=" " ind2="0">
<subfield code="a">Suwaydāʼ (Syria : Province)</subfield>
</datafield>
<datafield tag="700" ind1="1" ind2=" ">
<subfield code="a">Nimr, Dāwūd.</subfield>
</datafield>
<datafield tag="700" ind1="1" ind2=" ">
<subfield code="a">Shūfī, Ḥammūd.</subfield>
</datafield>
<datafield tag="740" ind1="0" ind2="1">
<subfield code="a">Muḥāfaẓat al-Suwaydāʼ.</subfield>
</datafield>
<datafield tag="830" ind1=" " ind2="0">
<subfield code="a">Silsilat bilādunā ;</subfield>
<subfield code="v">2.</subfield>
</datafield>
<datafield tag="OWN" ind1=" " ind2=" ">
<subfield code="a">GENERAL</subfield>
</datafield>
<datafield tag="950" ind1=" " ind2=" ">
<subfield code="l">BMAIN</subfield>
<subfield code="a">DS99.S8</subfield>
<subfield code="b">A9</subfield>
</datafield>
<datafield tag="955" ind1=" " ind2=" ">
<subfield code="l">BMAIN</subfield>
<subfield code="c">1</subfield>
<subfield code="r">028246844</subfield>
</datafield>
<datafield tag="998" ind1=" " ind2=" ">
<subfield code="s">9115</subfield>
</datafield>
<datafield tag="AVA" ind1=" " ind2=" ">
<subfield code="a">NYU50</subfield>
<subfield code="b">BOBST</subfield>
<subfield code="c">Main Collection</subfield>
<subfield code="d">DS99.S8 A9</subfield>
<subfield code="e">unavailable</subfield>
<subfield code="t">Unavailable</subfield>
<subfield code="f">1</subfield>
<subfield code="g">1</subfield>
<subfield code="h">N</subfield>
<subfield code="i">0</subfield>
<subfield code="j">MAIN</subfield>
<subfield code="k">0</subfield>
</datafield>
</record>
